%% This BibTeX bibliography file was created using BibDesk.
%% http://bibdesk.sourceforge.net/


%% Created for Aditya Menon (Canberra) at 2017-06-28 10:55:23 +1000 


%% Saved with string encoding Unicode (UTF-8) 

@book{Garey:1990,
 author = {Garey, Michael R. and Johnson, David S.},
 title = {Computers and Intractability; A Guide to the Theory of NP-Completeness},
 year = {1990},
 isbn = {0716710455},
 publisher = {W. H. Freeman \& Co.}
}

@book{opt98,
  title={Combinatorial optimization: algorithms and complexity},
  author={Papadimitriou, Christos H and Steiglitz, Kenneth},
  pages={308--309},
  year={1998},
  publisher={Dover Publications}
}

@inproceedings{Carbonell:1998,
 author = {Carbonell, Jaime and Goldstein, Jade},
 title = {The Use of MMR, Diversity-based Reranking for Reordering Documents and Producing Summaries},
 booktitle = {ACM SIGIR Conference on Research and Development in Information Retrieval},
 series = {SIGIR '98},
 year = {1998},
 isbn = {1-58113-015-5},
 location = {Melbourne, Australia},
 pages = {335--336},
 numpages = {2},
 acmid = {291025},
 publisher = {ACM},
 address = {New York, NY, USA},
} 

@inproceedings{Park:2011,
 author = {Park, Dennis and Ramanan, Deva},
 title = {N-best Maximal Decoders for Part Models},
 booktitle = {Proceedings of the 2011 International Conference on Computer Vision},
 series = {ICCV '11},
 year = {2011},
 isbn = {978-1-4577-1101-5},
 pages = {2627--2634},
 numpages = {8},
 acmid = {2356373},
 publisher = {IEEE Computer Society},
 address = {Washington, DC, USA},
} 

@techreport{Christofides:1976,
  author = {Christofides, Nicos},
  institution = {Graduate School of Industrial Administration, Carnegie Mellon University},
  number = 388,
  title = {Worst-case analysis of a new heuristic for the travelling salesman problem},
  type = {Technical Report},
  year = 1976
}

@article{zheng2014urban,
  title={Urban computing: concepts, methodologies, and applications},
  author={Zheng, Yu and Capra, Licia and Wolfson, Ouri and Yang, Hai},
  journal={ACM Transactions on Intelligent Systems and Technology},
  volume={5},
  number={3},
  pages={38},
  year={2014},
  publisher={ACM}
}

@article{zheng2015trajectory,
  title={Trajectory data mining: an overview},
  author={Zheng, Yu},
  journal={ACM Transactions on Intelligent Systems and Technology},
  volume={6},
  number={3},
  pages={29},
  year={2015},
  publisher={ACM}
}

@article{bao2015recommendations,
  title={Recommendations in location-based social networks: a survey},
  author={Bao, Jie and Zheng, Yu and Wilkie, David and Mokbel, Mohamed},
  journal={GeoInformatica},
  volume={19},
  number={3},
  pages={525--565},
  year={2015},
  publisher={Springer}
}

@article{chen2015tripplanner,
	Author = {Chen, Chao and Zhang, Daqing and Guo, Bin and Ma, Xiaojuan and Pan, Gang and Wu, Zhaohui},
	Journal = {IEEE Transactions on Intelligent Transportation Systems},
	Number = {3},
	Pages = {1259--1273},
	Publisher = {IEEE},
	Title = {{\sc TripPlanner}: Personalized trip planning leveraging heterogeneous crowdsourced digital footprints},
	Volume = {16},
	Year = {2015}}

@inproceedings{lu2010photo2trip,
	Acmid = {1873972},
	Author = {Lu, Xin and Wang, Changhu and Yang, Jiang-Ming and Pang, Yanwei and Zhang, Lei},
	Doi = {10.1145/1873951.1873972},
	Isbn = {978-1-60558-933-6},
	Keywords = {Photo2Trip, geo-tagged photos, travel route mining, trip planning},
	Location = {Firenze, Italy},
	Numpages = {10},
	Pages = {143--152},
	Publisher = {ACM},
	Series = {MM '10},
	Title = {{Photo2Trip}: Generating Travel Routes from Geo-tagged Photos for Trip Planning},
	Url = {http://doi.acm.org/10.1145/1873951.1873972},
	Year = {2010},
	Bdsk-Url-1 = {http://doi.acm.org/10.1145/1873951.1873972},
	Bdsk-Url-2 = {http://dx.doi.org/10.1145/1873951.1873972}}

@inproceedings{zhang2015location,
	Author = {Zhang, Wei and Wang, Jianyong},
	Pages = {1221--1230},
	Series = {CIKM '15},
	Title = {Location and Time Aware Social Collaborative Retrieval for New Successive Point-of-Interest Recommendation},
	Year = {2015}}

@inproceedings{ijcai13,
	Author = {Cheng, Chen and Yang, Haiqin and Lyu, Michael R and King, Irwin},
	Pages = {2605--2611},
	Series = {IJCAI '13},
	Title = {Where you like to go next: Successive point-of-interest recommendation},
	Year = {2013}}

@inproceedings{fpmc10,
	Author = {Rendle, Steffen and Freudenthaler, Christoph and Schmidt-Thieme, Lars},
	Pages = {811--820},
	Series = {WWW '10},
	Title = {Factorizing Personalized {Markov} Chains for Next-basket Recommendation},
	Year = {2010}}

@inproceedings{yuan2014graph,
	Author = {Yuan, Quan and Cong, Gao and Sun, Aixin},
	Pages = {659--668},
	Series = {CIKM '14},
	Title = {Graph-based point-of-interest recommendation with geographical and temporal influences},
	Year = {2014}}

@inproceedings{hsieh2014mining,
	Author = {Hsieh, Hsun-Ping and Li, Cheng-Te},
	Pages = {481--490},
	Series = {CIKM '14},
	Title = {Mining and Planning Time-aware Routes from Check-in Data},
	Year = {2014}}

@inproceedings{lian2014geomf,
	Author = {Lian, Defu and Zhao, Cong and Xie, Xing and Sun, Guangzhong and Chen, Enhong and Rui, Yong},
	Pages = {831--840},
	Series = {KDD '14},
	Title = {{GeoMF}: Joint geographical modeling and matrix factorization for point-of-interest recommendation},
	Year = {2014}}

@inproceedings{shi2011personalized,
	Author = {Shi, Yue and Serdyukov, Pavel and Hanjalic, Alan and Larson, Martha},
	Series = {ICWSM '11},
	Title = {Personalized Landmark Recommendation Based on Geotags from Photo Sharing Sites},
	Year = {2011}}

@inproceedings{lu2012personalized,
	Author = {Lu, Eric Hsueh-Chan and Chen, Ching-Yu and Tseng, Vincent S},
	Pages = {209--218},
	Series = {SIGSPATIAL '12},
	Title = {Personalized trip recommendation with multiple constraints by mining user check-in behaviors},
	Year = {2012}}

@inproceedings{gioniswsdm14,
	Author = {Gionis, Aristides and Lappas, Theodoros and Pelechrinis, Konstantinos and Terzi, Evimaria},
	Pages = {313--322},
	Series = {WSDM '14},
	Title = {Customized tour recommendations in urban areas},
	Year = {2014}}

@article{Chen:2017,
	Author = {Dawei Chen and Lexing Xie and Aditya Krishna Menon and Cheng Soon Ong},
	Journal = {CoRR},
	Title = {Structured Recommendation},
	Url = {https://arxiv.org/abs/1706.09067},
	Volume = {abs/1706.09067},
	Year = {2017},
	Bdsk-Url-1 = {https://arxiv.org/abs/1706.09067}

@article{Forney:1973,
	Author = {G. D. Forney},
	Journal = {Proceedings of the IEEE},
	Keywords = {Algorithm design and analysis;Convolutional codes;Decoding;Digital communication;Helium;Markov processes;Recursive estimation;State estimation;Stochastic processes;Viterbi algorithm},
	Month = {March},
	Number = {3},
	Pages = {268-278},
	Title = {The viterbi algorithm},
	Volume = {61},
	Year = {1973},
	Bdsk-Url-1 = {http://dx.doi.org/10.1109/PROC.1973.9030}}

@article{Nilsson:1998,
	Acmid = {599348},
	Address = {Hingham, MA, USA},
	Author = {Nilsson, Dennis},
	Issn = {0960-3174},
	Issue_Date = {June 1998},
	Journal = {Statistics and Computing},
	Month = jun,
	Number = {2},
	Numpages = {15},
	Pages = {159--173},
	Publisher = {Kluwer Academic Publishers},
	Title = {An Efficient Algorithm for Finding the M Most Probable Configurationsin Probabilistic Expert Systems},
	Volume = {8},
	Year = {1998}}

@inproceedings{antikacioglu2015recommendation,
	Author = {Antikacioglu, Arda and Ravi, R and Sridhar, Srinath},
	Booktitle = {Proceedings of the 24th International Conference on World Wide Web},
	Pages = {77--87},
	Title = {Recommendation Subgraphs for Web Discovery},
	Year = {2015}}

@inproceedings{yan2002gspan,
	Author = {Yan, Xifeng and Han, Jiawei},
	Booktitle = {Data Mining, 2002. ICDM 2003. Proceedings. 2002 IEEE International Conference on},
	Pages = {721--724},
	Title = {gspan: Graph-based substructure pattern mining},
	Year = {2002}}

@book{west2001introduction,
	Author = {West, Douglas Brent and others},
	Publisher = {Prentice hall Upper Saddle River},
	Title = {Introduction to graph theory},
	Volume = {2},
	Year = {2001}}

@article{nill1995list,
	Author = {Nill, Christiane and Sundberg, C-EW},
	Journal = {IEEE Transactions on Communications},
	Number = {234},
	Pages = {277--287},
	Publisher = {IEEE},
	Title = {List and soft symbol output Viterbi algorithms: Extensions and comparisons},
	Volume = {43},
	Year = {1995}}

@inproceedings{soong1991tree,
	Author = {Soong, Frank K and Huang, E-F},
	Booktitle = {Acoustics, Speech, and Signal Processing, 1991. ICASSP-91., 1991 International Conference on},
	Pages = {705--708},
	Title = {A tree-trellis based fast search for finding the n-best sentence hypotheses in continuous speech recognition},
	Year = {1991}}

@article{reinelt1991tsplib,
	Author = {Reinelt, Gerhard},
	Journal = {ORSA journal on computing},
	Number = {4},
	Pages = {376--384},
	Publisher = {INFORMS},
	Title = {TSPLIB---A traveling salesman problem library},
	Volume = {3},
	Year = {1991}}

@inproceedings{dehaspe1998finding,
	Author = {Dehaspe, Luc and Toivonen, Hannu and King, Ross D},
	Booktitle = {KDD},
	Pages = {1998},
	Title = {Finding Frequent Substructures in Chemical Compounds.},
	Volume = {98},
	Year = {1998}}

@article{russakovsky2015imagenet,
	Author = {Russakovsky, Olga and Deng, Jia and Su, Hao and Krause, Jonathan and Satheesh, Sanjeev and Ma, Sean and Huang, Zhiheng and Karpathy, Andrej and Khosla, Aditya and Bernstein, Michael and others},
	Journal = {International Journal of Computer Vision},
	Number = {3},
	Pages = {211--252},
	Publisher = {Springer},
	Title = {{ImageNet} large scale visual recognition challenge},
	Volume = {115},
	Year = {2015}}

@article{goffin2002convex,
	Author = {Goffin, Jean-Louis and Vial, Jean-Philippe},
	Journal = {Optimization Methods and Software},
	Number = {5},
	Pages = {805--867},
	Publisher = {Taylor \& Francis},
	Title = {Convex nondifferentiable optimization: A survey focused on the analytic center cutting plane method},
	Volume = {17},
	Year = {2002}}

@article{wulff2013analytic,
	Author = {Wulff, Sharon and Ong, Cheng Soon},
	Journal = {Annals of Mathematics and Artificial Intelligence},
	Number = {3},
	Pages = {225--241},
	Publisher = {Springer},
	Title = {Analytic center cutting plane method for multiple kernel learning},
	Volume = {69},
	Year = {2013}}

@article{elzinga1975central,
	Author = {Elzinga, Jack and Moore, Thomas G},
	Journal = {Mathematical Programming},
	Number = {1},
	Pages = {134--145},
	Publisher = {Springer},
	Title = {A central cutting plane algorithm for the convex programming problem},
	Volume = {8},
	Year = {1975}}

@inproceedings{louche2015cutting,
	Author = {Louche, Ugo and Ralaivola, Liva},
	Booktitle = {2015 International Joint Conference on Neural Networks (IJCNN)},
	Pages = {1--8},
	Title = {From cutting planes algorithms to compression schemes and active learning},
	Year = {2015}}

@article{boydlocalization,
	Author = {Boyd, Stephen and Vandenberghe, Lieven},
	Note = {\url{http://web.stanford.edu/class/ee392o/localization-methods.pdf}, retrieved September 2016},
	Title = {Localization and cutting-plane methods}}

@article{tsochantaridis2005large,
	Author = {Tsochantaridis, Ioannis and Joachims, Thorsten and Hofmann, Thomas and Altun, Yasemin},
	Journal = {Journal of Machine Learning Research},
	Number = {Sep},
	Pages = {1453--1484},
	Title = {Large margin methods for structured and interdependent output variables},
	Volume = {6},
	Year = {2005}}

@article{joachims2009predicting,
	Author = {Joachims, Thorsten and Hofmann, Thomas and Yue, Yisong and Yu, Chun-Nam},
	Journal = {Communications of the ACM},
	Number = {11},
	Pages = {97--104},
	Publisher = {ACM},
	Title = {Predicting structured objects with support vector machines},
	Volume = {52},
	Year = {2009}}

@article{joachims2009cutting,
	Author = {Joachims, Thorsten and Finley, Thomas and Yu, Chun-Nam John},
	Journal = {Machine Learning},
	Number = {1},
	Pages = {27--59},
	Publisher = {Springer},
	Title = {Cutting-plane training of structural {SVM}s},
	Volume = {77},
	Year = {2009}}

@inproceedings{tsochantaridis2004support,
	Author = {Tsochantaridis, Ioannis and Hofmann, Thomas and Joachims, Thorsten and Altun, Yasemin},
	Booktitle = {Proceedings of the twenty-first international conference on Machine learning},
	Pages = {104},
	Title = {Support vector machine learning for interdependent and structured output spaces},
	Year = {2004}}

@phdthesis{taskar2004dissertation,
	Author = {Taskar, Ben},
	School = {Stanford University},
	Title = {Learning structured prediction models: A large margin approach},
	Type = {{PhD} dissertation},
	Year = {2004}}

@inproceedings{taskar2005learning,
	Author = {Taskar, Ben and Chatalbashev, Vassil and Koller, Daphne and Guestrin, Carlos},
	Booktitle = {Proceedings of the 22nd international conference on Machine learning},
	Pages = {896--903},
	Title = {Learning structured prediction models: A large margin approach},
	Year = {2005}}

@inproceedings{meshi2010learning,
	Author = {Meshi, Ofer and Sontag, David and Globerson, Amir and Jaakkola, Tommi S},
	Booktitle = {Proceedings of the 27th International Conference on Machine Learning},
	Pages = {783--790},
	Title = {Learning Efficiently with Approximate Inference via Dual Losses},
	Year = {2010}}

@inproceedings{bach2015paired,
	Author = {Bach, Stephen and Huang, Bert and Boyd-graber, Jordan and Getoor, Lise},
	Booktitle = {Proceedings of the 32nd International Conference on Machine Learning},
	Pages = {381--390},
	Title = {Paired-Dual Learning for Fast Training of Latent Variable Hinge-Loss {MRF}s},
	Year = {2015}}

@inproceedings{ratliff2006subgradient,
	Author = {Ratliff, Nathan and Bagnell, J Andrew and Zinkevich, Martin},
	Booktitle = {ICML workshop on learning in structured output spaces},
	Title = {Subgradient methods for maximum margin structured learning},
	Volume = {46},
	Year = {2006}}

@inproceedings{lacoste2013block,
	Author = {Lacoste-julien, Simon and Jaggi, Martin and Schmidt, Mark and Pletscher, Patrick},
	Booktitle = {Proceedings of the 30th International Conference on Machine Learning (ICML'13)},
	Pages = {53--61},
	Title = {Block-Coordinate {Frank-Wolfe} Optimization for Structural {SVM}s},
	Year = {2013}}

@phdthesis{muller2014methods,
	Author = {M{\"u}ller, Andreas},
	School = {Universit{\"a}ts-und Landesbibliothek Bonn},
	Title = {Methods for learning structured prediction in semantic segmentation of natural images},
	Year = {2014}}

@article{werner2007linear,
	Author = {Werner, Tomas},
	Journal = {IEEE transactions on pattern analysis and machine intelligence},
	Number = {7},
	Pages = {1165--1179},
	Publisher = {IEEE},
	Title = {A linear programming approach to max-sum problem: A review},
	Volume = {29},
	Year = {2007}}

@inproceedings{globerson2008fixing,
	Author = {Globerson, Amir and Jaakkola, Tommi S},
	Booktitle = {Advances in neural information processing systems},
	Pages = {553--560},
	Title = {Fixing max-product: Convergent message passing algorithms for {MAP} {LP}-relaxations},
	Year = {2008}}

@techreport{christofides1976,
	Author = {Christofides, Nicos},
	Institution = {Graduate School of Industrial Administration, CMU},
	Number = {388},
	Title = {Worst-case analysis of a new heuristic for the travelling salesman problem},
	Year = {1976}}

@inproceedings{chen2012playlist,
	Author = {Chen, Shuo and Moore, Josh L and Turnbull, Douglas and Joachims, Thorsten},
	Booktitle = {Proceedings of the 18th ACM SIGKDD international conference on Knowledge discovery and data mining},
	Pages = {714--722},
	Title = {Playlist prediction via metric embedding},
	Year = {2012}}

@article{hidasi2015session,
	Author = {Hidasi, Bal{\'a}zs and Karatzoglou, Alexandros and Baltrunas, Linas and Tikk, Domonkos},
	Journal = {arXiv preprint arXiv:1511.06939},
	Title = {Session-based recommendations with recurrent neural networks},
	Year = {2015}}

@article{choi2016towards,
	Author = {Choi, Keunwoo and Fazekas, George and Sandler, Mark},
	Journal = {arXiv preprint arXiv:1606.02096},
	Title = {Towards Playlist Generation Algorithms Using {RNN}s Trained on Within-Track Transitions},
	Year = {2016}}

@article{thomee2016yfcc100m,
	Author = {Thomee, Bart and Elizalde, Benjamin and Shamma, David A and Ni, Karl and Friedland, Gerald and Poland, Douglas and Borth, Damian and Li, Li-Jia},
	Journal = {Communications of the ACM},
	Number = {2},
	Pages = {64--73},
	Publisher = {ACM},
	Title = {{YFCC100M}: The new data in multimedia research},
	Volume = {59},
	Year = {2016}}

@inproceedings{ijcai15,
	//Series = {IJCAI '15},
	Author = {Lim, Kwan Hui and Chan, Jeffrey and Leckie, Christopher and Karunasekera, Shanika},
	Booktitle = {Proceedings of the 24th International Joint Conference on Artificial Intelligence},
	Pages = {1778--1784},
	Title = {Personalized tour recommendation based on user interests and points of interest visit durations},
	Year = {2015}}

@inproceedings{cikm16paper,
	//Series = {CIKM '16},
	Author = {Chen, Dawei and Ong, Cheng Soon and Xie, Lexing},
	Booktitle = {Proceedings of the 25th ACM International Conference on Information and Knowledge Management},
	Pages = {2227--2232},
	Title = {Learning Points and Routes to Recommend Trajectories},
	Year = {2016}}

@article{burman1989comparative,
	//Publisher = {Biometrika Trust},
	Author = {Burman, Prabir},
	Journal = {Biometrika},
	Number = {3},
	Pages = {503--514},
	Title = {A comparative study of ordinary cross-validation, v-fold cross-validation and the repeated learning-testing methods},
	Volume = {76},
	Year = {1989}}

@article{kendall1945,
	Author = {Kendall, Maurice G},
	Journal = {Biometrika},
	Number = {3},
	Pages = {239--251},
	Publisher = {JSTOR},
	Title = {The treatment of ties in ranking problems},
	Volume = {33},
	Year = {1945}}

@book{agresti2010analysis,
	Author = {Agresti, Alan},
	Publisher = {John Wiley \& Sons},
	Title = {Analysis of ordinal categorical data},
	Volume = {656},
	Year = {2010}}

@misc{scipy,
	//Note = {[Online; accessed November 2016]},
	//Url = {http://www.scipy.org/},
	//Year = {2001--},
	Author = {Eric Jones and Travis Oliphant and Pearu Peterson and others},
	Note = {\url{http://www.scipy.org}, retrieved November 2016},
	Title = {{SciPy}: Open source scientific tools for {Python}}}

@inproceedings{nilsson2001sequentially,
	Author = {Nilsson, Dennis and Goldberger, Jacob},
	Booktitle = {Proceedings of the 17th international joint conference on Artificial intelligence},
	Pages = {1280--1285},
	Title = {Sequentially finding the {N}-best list in hidden {Markov} models},
	Year = {2001}}

@article{seshadri1994list,
	Author = {Seshadri, Nambirajan and Sundberg, C-EW},
	Journal = {IEEE Transactions on Communications},
	Number = {234},
	Pages = {313--323},
	Publisher = {IEEE},
	Title = {List {Viterbi} decoding algorithms with applications},
	Volume = {42},
	Year = {1994}}

@article{rabiner1989tutorial,
	Author = {Rabiner, Lawrence R},
	Journal = {Proceedings of the IEEE},
	Number = {2},
	Pages = {257--286},
	Publisher = {IEEE},
	Title = {A tutorial on hidden {Markov} models and selected applications in speech recognition},
	Volume = {77},
	Year = {1989}}

@article{chen2015microsoft,
	Author = {Chen, Xinlei and Fang, Hao and Lin, Tsung-Yi and Vedantam, Ramakrishna and Gupta, Saurabh and Doll{\'a}r, Piotr and Zitnick, C Lawrence},
	Journal = {arXiv preprint arXiv:1504.00325},
	Title = {Microsoft {COCO} captions: Data collection and evaluation server},
	Year = {2015}}

@book{tspbook2011,
	Author = {Applegate, David L and Bixby, Robert E and Chvatal, Vasek and Cook, William J},
	Publisher = {Princeton university press},
	Title = {The traveling salesman problem: a computational study},
	Year = {2011}}

@inproceedings{yu2016dynamic,
	Author = {Yu, Feng and Liu, Qiang and Wu, Shu and Wang, Liang and Tan, Tieniu},
	Booktitle = {Proceedings of the 39th International ACM SIGIR conference on Research and Development in Information Retrieval},
	Pages = {729--732},
	Title = {A dynamic recurrent model for next basket recommendation},
	Year = {2016}}
