@inproceedings{mcfee2011natural,
  title={The Natural Language of Playlists},
  author={McFee, Brian and Lanckriet, Gert RG},
  booktitle={ISMIR},
  pages={537--542},
  year={2011}
}

@inproceedings{chen2012playlist,
  title={Playlist prediction via metric embedding},
  author={Chen, Shuo and Moore, Josh L and Turnbull, Douglas and Joachims, Thorsten},
  booktitle={Proceedings of the 18th ACM SIGKDD international conference on Knowledge discovery and data mining},
  pages={714--722},
  year={2012},
  organization={ACM}
}

@inbook{recsysbook2015,
  editor    = {Ricci, Francesco and Rokach, Lior and Shapira, Bracha},
  title     = {Recommender Systems Handbook},
  publisher = {Springer US},
  year      = 2015,
  edition   = 2,
  chapter   = 13,
  pages     = {453-492},
  isbn      = {978-1-4899-7637-6}
}

@inproceedings{mcfee2012hypergraph,
  title={Hypergraph Models of Playlist Dialects},
  author={McFee, Brian and Lanckriet, Gert RG},
  booktitle={ISMIR},
  pages={343--348},
  year={2012},
  organization={Citeseer}
}

@inproceedings{turrin201530music,
  title={30Music Listening and Playlists Dataset},
  author={Turrin, Roberto and Quadrana, Massimo and Condorelli, Andrea and Pagano, Roberto and Cremonesi, Paolo},
  booktitle={RecSys Posters},
  year={2015}
}

@article{bengroove2017,
  title={Groove Radio: A Bayesian Hierarchical Model for Personalized Playlist Generation},
  author={Ben-Elazar, Shay and Lavee, Gal and Koenigstein, Noam and Barkan, Oren and Berezin, Hilik and Paquet, Ulrich and Zaccai, Tal},
  booktitle={Proceedings of the Tenth ACM International Conference on Web Search and Data Mining},
  year = 2017
}

@inproceedings{platt2002learning,
  title={Learning a Gaussian Process Prior for Automatically Generating Music Playlists},
  author={Platt, John C and Burges, Christopher JC and Swenson, Steven and Weare, Christopher and Zheng, Alice},
  booktitle={Advances in Neural Information Processing Systems},
  pages={1425--1432},
  year={2002}
}

@article{bonnin2015automated,
  title={Automated generation of music playlists: Survey and experiments},
  author={Bonnin, Geoffray and Jannach, Dietmar},
  journal={ACM Computing Surveys (CSUR)},
  volume={47},
  number={2},
  pages={26},
  year={2015},
  publisher={ACM}
}
