@inproceedings{dembczynski:2010,
  title={Bayes optimal multilabel classification via probabilistic classifier chains},
  author={Dembczy{\'n}ski, Krzysztof and Cheng, Weiwei and H{\"u}llermeier, Eyke},
  booktitle={Proceedings of the 27th International Conference on Machine Learning},
  pages={279--286},
  year={2010}
}

@inproceedings{li:2014,
  title={Top rank optimization in linear time},
  author={Li, Nan and Jin, Rong and Zhou, Zhi-Hua},
  booktitle={Advances in neural information processing systems},
  pages={1502--1510},
  year={2014}
}

@inproceedings{cortes:2004,
  title={{AUC} optimization vs. error rate minimization},
  author={Cortes, Corinna and Mohri, Mehryar},
  booktitle={Advances in neural information processing systems},
  pages={313--320},
  year={2004}
}

@inproceedings{agarwal:2011,
  title={The infinite push: A new support vector ranking algorithm that directly optimizes accuracy at the absolute top of the list},
  author={Agarwal, Shivani},
  booktitle={Proceedings of the 2011 SIAM International Conference on Data Mining},
  pages={839--850},
  year={2011},
  organization={SIAM}
}

@InProceedings{gygli17a,
  title =    {Deep Value Networks Learn to Evaluate and Iteratively Refine Structured Outputs},
  author =   {Michael Gygli and Mohammad Norouzi and Anelia Angelova},
  booktitle =    {Proceedings of the 34th International Conference on Machine Learning},
  //pages =    {1341--1351},
  year =     {2017},
  //volume =   {70},
  series =   {ICML '17},
}

@misc{stirling,
   author = {Wikipedia},
   title = {Stirling's approximation},
   year = {2017},
   url = "\url{https://en.wikipedia.org/wiki/Stirling's_approximation}",
   note = "[Online; accessed 15-March-2017]"
}

@misc{Vinyals:2017,
    author = {Vinyals, Oriol and Jaitly, Navdeep},
    title = {Sequence-To-Sequence Modeling with Neural Networks},
    year = {2017},
    url = "https://sites.google.com/view/seq2seq-icml17",
    note = "[This tutorial was given at ICML '17]"
}

@article{scikit-learn,
    title={Scikit-learn: Machine Learning in {P}ython},
    author={Pedregosa, F. and Varoquaux, G. and Gramfort, A. and Michel, V.
            and Thirion, B. and Grisel, O. and Blondel, M. and Prettenhofer, P.
            and Weiss, R. and Dubourg, V. and Vanderplas, J. and Passos, A. and
            Cournapeau, D. and Brucher, M. and Perrot, M. and Duchesnay, E.},
    journal={Journal of Machine Learning Research},
    volume={12},
    pages={2825--2830},
    year={2011}
}

@misc{sklearn-guide,
    author = {{scikit-learn}.org},
    title = {User Guide},
    url = "http://scikit-learn.org/stable/modules/linear_model.html#logistic-regression",
    note = "[retrieved October 2017]"
}

@inproceedings{taskar2004max,
  title={Max-margin Markov networks},
  author={Taskar, Ben and Guestrin, Carlos and Koller, Daphne},
  //booktitle={Advances in neural information processing systems},
  //pages={25--32},
  year={2004},
  series={NIPS '04},
}

@inproceedings{tsochantaridis2004support,
  title={Support vector machine learning for interdependent and structured output spaces},
  author={Tsochantaridis, Ioannis and Hofmann, Thomas and Joachims, Thorsten and Altun, Yasemin},
  //booktitle={Proceedings of the twenty-first international conference on Machine learning},
  //pages={104--111},
  year={2004},
  series={ICML '04},
  //organization={ACM}
}

@inproceedings{shalev:2007,
  title={Pegasos: Primal Estimated sub-GrAdient SOlver for SVM},
  author={Shalev-shwartz, Shai and Singer, Yoram and Srebro, Nathan},
  booktitle={Proceedings of the 24th International Conference on Machine Learning},
  pages={807--814},
  year={2007}
}

@inproceedings{menon2015learning,
  title={Learning from corrupted binary labels via class-probability estimation},
  author={Menon, Aditya and Rooyen, Brendan V and Ong, Cheng S and Williamson, Bob},
  booktitle={Proceedings of the 32nd International Conference on Machine Learning},
  pages={125--134},
  year={2015},
  series = {ICML '15},
  url = "http://users.cecs.anu.edu.au/~akmenon/papers/corrupted-labels/corrupted-labels-paper.pdf"
}

@inproceedings{kotlowski2011bipartite,
  title={Bipartite ranking through minimization of univariate loss},
  author={Kotlowski, Wojciech and Dembczynski, Krzysztof J and Huellermeier, Eyke},
  booktitle={Proceedings of the 28th International Conference on Machine Learning},
  pages={1113--1120},
  year={2011},
  series={ICML '11},
  url={http://machinelearning.wustl.edu/mlpapers/paper_files/ICML2011Kotlowski_567.pdf}
}

@article{ertekin2011equivalence,
  title={On equivalence relationships between classification and ranking algorithms},
  author={Ertekin, {\c{S}}eyda and Rudin, Cynthia},
  journal={Journal of Machine Learning Research},
  volume={12},
  number={Oct},
  pages={2905--2929},
  year={2011}
}

@inproceedings{li2014top,
  title={Top rank optimization in linear time},
  author={Li, Nan and Jin, Rong and Zhou, Zhi-Hua},
  booktitle={Advances in neural information processing systems},
  pages={1502--1510},
  year={2014}
}
