@article{russakovsky2015imagenet,
  title={{ImageNet} large scale visual recognition challenge},
  author={Russakovsky, Olga and Deng, Jia and Su, Hao and Krause, Jonathan and Satheesh, Sanjeev and Ma, Sean and Huang, Zhiheng and Karpathy, Andrej and Khosla, Aditya and Bernstein, Michael and others},
  journal={International Journal of Computer Vision},
  volume={115},
  number={3},
  pages={211--252},
  year={2015},
  publisher={Springer}
}

@article{goffin2002convex,
  title={Convex nondifferentiable optimization: A survey focused on the analytic center cutting plane method},
  author={Goffin, Jean-Louis and Vial, Jean-Philippe},
  journal={Optimization Methods and Software},
  volume={17},
  number={5},
  pages={805--867},
  year={2002},
  publisher={Taylor \& Francis}
}

@article{wulff2013analytic,
  title={Analytic center cutting plane method for multiple kernel learning},
  author={Wulff, Sharon and Ong, Cheng Soon},
  journal={Annals of Mathematics and Artificial Intelligence},
  volume={69},
  number={3},
  pages={225--241},
  year={2013},
  publisher={Springer}
}

@article{elzinga1975central,
  title={A central cutting plane algorithm for the convex programming problem},
  author={Elzinga, Jack and Moore, Thomas G},
  journal={Mathematical Programming},
  volume={8},
  number={1},
  pages={134--145},
  year={1975},
  publisher={Springer}
}

@inproceedings{louche2015cutting,
  title={From cutting planes algorithms to compression schemes and active learning},
  author={Louche, Ugo and Ralaivola, Liva},
  booktitle={2015 International Joint Conference on Neural Networks (IJCNN)},
  pages={1--8},
  year={2015},
  organization={IEEE}
}

@article{boydlocalization,
  title={Localization and cutting-plane methods},
  author={Boyd, Stephen and Vandenberghe, Lieven},
  note="\url{http://web.stanford.edu/class/ee392o/localization-methods.pdf}, retrieved September 2016"
}

@article{tsochantaridis2005large,
  title={Large margin methods for structured and interdependent output variables},
  author={Tsochantaridis, Ioannis and Joachims, Thorsten and Hofmann, Thomas and Altun, Yasemin},
  journal={Journal of Machine Learning Research},
  volume={6},
  number={Sep},
  pages={1453--1484},
  year={2005}
}

@article{joachims2009predicting,
  title={Predicting structured objects with support vector machines},
  author={Joachims, Thorsten and Hofmann, Thomas and Yue, Yisong and Yu, Chun-Nam},
  journal={Communications of the ACM},
  volume={52},
  number={11},
  pages={97--104},
  year={2009},
  publisher={ACM}
}

@article{joachims2009cutting,
  title={Cutting-plane training of structural {SVM}s},
  author={Joachims, Thorsten and Finley, Thomas and Yu, Chun-Nam John},
  journal={Machine Learning},
  volume={77},
  number={1},
  pages={27--59},
  year={2009},
  publisher={Springer}
}

@inproceedings{tsochantaridis2004support,
  title={Support vector machine learning for interdependent and structured output spaces},
  author={Tsochantaridis, Ioannis and Hofmann, Thomas and Joachims, Thorsten and Altun, Yasemin},
  booktitle={Proceedings of the twenty-first international conference on Machine learning},
  pages={104},
  year={2004},
  organization={ACM}
}

@phdthesis{taskar2004dissertation,
  title={Learning structured prediction models: A large margin approach},
  author={Taskar, Ben},
  school={Stanford University},
  year={2004},
  type= {{PhD} dissertation}
}

@inproceedings{taskar2005learning,
  title={Learning structured prediction models: A large margin approach},
  author={Taskar, Ben and Chatalbashev, Vassil and Koller, Daphne and Guestrin, Carlos},
  booktitle={Proceedings of the 22nd international conference on Machine learning},
  pages={896--903},
  year={2005},
  organization={ACM}
}

@inproceedings{meshi2010learning,
  title={Learning Efficiently with Approximate Inference via Dual Losses},
  author={Meshi, Ofer and Sontag, David and Globerson, Amir and Jaakkola, Tommi S},
  booktitle={Proceedings of the 27th International Conference on Machine Learning},
  pages={783--790},
  year={2010}
}

@inproceedings{bach2015paired,
  title={Paired-Dual Learning for Fast Training of Latent Variable Hinge-Loss MRFs},
  author={Bach, Stephen and Huang, Bert and Boyd-graber, Jordan and Getoor, Lise},
  booktitle={Proceedings of the 32nd International Conference on Machine Learning},
  pages={381--390},
  year={2015}
}

@article{werner2007linear,
  title={A linear programming approach to max-sum problem: A review},
  author={Werner, Tomas},
  journal={IEEE transactions on pattern analysis and machine intelligence},
  volume={29},
  number={7},
  pages={1165--1179},
  year={2007},
  publisher={IEEE}
}

@inproceedings{globerson2008fixing,
  title={Fixing max-product: Convergent message passing algorithms for MAP LP-relaxations},
  author={Globerson, Amir and Jaakkola, Tommi S},
  booktitle={Advances in neural information processing systems},
  pages={553--560},
  year={2008}
}

@techreport{christofides1976,
  title={Worst-case analysis of a new heuristic for the travelling salesman problem},
  author={Christofides, Nicos},
  year={1976},
  number={388},
  institution={Graduate School of Industrial Administration, CMU},
}

@inproceedings{chen2012playlist,
  title={Playlist prediction via metric embedding},
  author={Chen, Shuo and Moore, Josh L and Turnbull, Douglas and Joachims, Thorsten},
  booktitle={Proceedings of the 18th ACM SIGKDD international conference on Knowledge discovery and data mining},
  pages={714--722},
  year={2012},
  organization={ACM}
}

@article{thomee2016yfcc100m,
  title={{YFCC100M}: The new data in multimedia research},
  author={Thomee, Bart and Elizalde, Benjamin and Shamma, David A and Ni, Karl and Friedland, Gerald and Poland, Douglas and Borth, Damian and Li, Li-Jia},
  journal={Communications of the ACM},
  volume={59},
  number={2},
  pages={64--73},
  year={2016},
  publisher={ACM}
}

@inproceedings{ijcai15,
    title={Personalized tour recommendation based on user interests and points of interest visit durations},
    author={Lim, Kwan Hui and Chan, Jeffrey and Leckie, Christopher and Karunasekera, Shanika},
    booktitle={Proceedings of the 24th International Joint Conference on Artificial Intelligence},
    pages={1778--1784},
    //series={IJCAI '15},
    year={2015}
}

@inproceedings{cikm16paper,
  title={Learning Points and Routes to Recommend Trajectories},
  author={Chen, Dawei and Ong, Cheng Soon and Xie, Lexing},
  booktitle={Proceedings of the 25th ACM International Conference on Information and Knowledge Management},
  pages={2227--2232},
  year={2016},
  //series={CIKM '16},
  //organization={ACM}
}

@article{burman1989comparative,
  title={A comparative study of ordinary cross-validation, v-fold cross-validation and the repeated learning-testing methods},
  author={Burman, Prabir},
  journal={Biometrika},
  volume={76},
  number={3},
  pages={503--514},
  year={1989},
  //publisher={Biometrika Trust}
}

@article{kendall1945,
  title={The treatment of ties in ranking problems},
  author={Kendall, Maurice G},
  journal={Biometrika},
  volume={33},
  number={3},
  pages={239--251},
  year={1945},
  publisher={JSTOR}
}

@book{agresti2010analysis,
  title={Analysis of ordinal categorical data},
  author={Agresti, Alan},
  volume={656},
  year={2010},
  publisher={John Wiley \& Sons}
}

@Misc{scipy,
  author = {Eric Jones and Travis Oliphant and Pearu Peterson and others},
  title =  {{SciPy}: Open source scientific tools for {Python}},
  //year =   {2001--},
  //url = "http://www.scipy.org/",
  //note = {[Online; accessed November 2016]},
  note="\url{http://www.scipy.org}, retrieved November 2016"
}

@inproceedings{nilsson2001sequentially,
  title={Sequentially finding the N-best list in hidden Markov models},
  author={Nilsson, Dennis and Goldberger, Jacob},
  booktitle={Proceedings of the 17th international joint conference on Artificial intelligence},
  pages={1280--1285},
  year={2001},
  organization={Morgan Kaufmann Publishers Inc.}
}

@article{seshadri1994list,
  title={List Viterbi decoding algorithms with applications},
  author={Seshadri, Nambirajan and Sundberg, C-EW},
  journal={IEEE Transactions on Communications},
  volume={42},
  number={234},
  pages={313--323},
  year={1994},
  publisher={IEEE}
}

@article{rabiner1989tutorial,
  title={A tutorial on hidden Markov models and selected applications in speech recognition},
  author={Rabiner, Lawrence R},
  journal={Proceedings of the IEEE},
  volume={77},
  number={2},
  pages={257--286},
  year={1989},
  publisher={IEEE}
}

@article{chen2015microsoft,
  title={Microsoft COCO captions: Data collection and evaluation server},
  author={Chen, Xinlei and Fang, Hao and Lin, Tsung-Yi and Vedantam, Ramakrishna and Gupta, Saurabh and Doll{\'a}r, Piotr and Zitnick, C Lawrence},
  journal={arXiv preprint arXiv:1504.00325},
  year={2015}
}
