@misc{flickr,
title = "{Flickr} photos on the map",
author = {Flickr},
note="\surl{https://www.flickr.com/map}, retrieved May 2016",
}

@misc{4sq,
title = "{FourSquare}: about us",
author = {Foursquare},
note="\surl{https://foursquare.com/about}, retrieved May 2016",
}

@inproceedings{ijcai15,
    title={Personalized tour recommendation based on user interests and points of interest visit durations},
    author={Lim, Kwan Hui and Chan, Jeffrey and Leckie, Christopher and Karunasekera, Shanika},
    series={IJCAI '15},
    year={2015}
}

@article{chen2015tripplanner,
  title={{\sc TripPlanner}: Personalized trip planning leveraging heterogeneous crowdsourced digital footprints},
  author={Chen, Chao and Zhang, Daqing and Guo, Bin and Ma, Xiaojuan and Pan, Gang and Wu, Zhaohui},
  journal={IEEE Transactions on Intelligent Transportation Systems},
  volume={16},
  number={3},
  pages={1259--1273},
  year={2015},
  publisher={IEEE}
}

@inproceedings{ijcai13,
    title={Where you like to go next: Successive point-of-interest recommendation},
    author={Cheng, Chen and Yang, Haiqin and Lyu, Michael R and King, Irwin},
    series={IJCAI '13},
    pages={2605--2611},
    year={2013},
    organization={AAAI Press}
}

@inproceedings{aaai16,
    title={Predicting the Next Location: A Recurrent Model with Spatial and Temporal Contexts},
    author={Liu, Qiang and Wu, Shu and Wang, Liang and Tan, Tieniu},
    series={AAAI '16},
    year={2016},
}

@article{lranksvm,
    title={Large-scale linear rank{SVM}},
    author={Lee, Ching-Pei and Lin, Chuan-bi},
    journal={Neural computation},
    volume={26},
    number={4},
    pages={781--817},
    year={2014},
    publisher={MIT Press}
}

@article{haversine,
    title={Virtues of the Haversine},
    author={Sinnott, Roger W},
    journal={Sky and telescope},
    volume={68},
    number={2},
    pages={159},
    year={1984}
}

@misc{wiki_earth_radius,
    author = {Wikipedia},
    title = {Earth radius},
    howpublished = {\url{https://en.wikipedia.org/wiki/Earth_radius#Mean_radius}},
    year = {2016}, 
    note = {Accessed: 2016-01-11}
}

@article{earth_radius,
    title={Geodetic reference system 1980},
    author={Moritz, Helmut},
    journal={Journal of Geodesy},
    volume={54},
    number={3},
    pages={395--405},
    year={1980},
    publisher={Springer}
}

@inproceedings{settles08,
    title={An analysis of active learning strategies for sequence labeling tasks},
    author={Settles, Burr and Craven, Mark},
    series={EMNLP '08},
    pages={1070--1079},
    year={2008},
    organization={Association for Computational Linguistics}
}

@article{thomee2016yfcc100m,
  title={{YFCC100M}: The new data in multimedia research},
  author={Thomee, Bart and Elizalde, Benjamin and Shamma, David A and Ni, Karl and Friedland, Gerald and Poland, Douglas and Borth, Damian and Li, Li-Jia},
  journal={Communications of the ACM},
  volume={59},
  number={2},
  pages={64--73},
  year={2016},
  publisher={ACM}
}

@inproceedings{bpr09,
    title={{BPR}: Bayesian personalized ranking from implicit feedback},
    author={Rendle, Steffen and Freudenthaler, Christoph and Gantner, Zeno and Schmidt-Thieme, Lars},
    series={UAI '09},
    pages={452--461},
    year={2009},
    organization={AUAI Press}
}

@inproceedings{fpmc10,
    title={Factorizing Personalized {Markov} Chains for Next-basket Recommendation},
    author={Rendle, Steffen and Freudenthaler, Christoph and Schmidt-Thieme, Lars},
    series={WWW '10},
    pages={811--820},
    year={2010},
    organization={ACM}
}

@article{platt99,
    title={Probabilistic outputs for support vector machines and comparisons to regularized likelihood methods},
    author={Platt, John C},
    journal={Advances in large margin classifiers},
    volume={10},
    number={3},
    pages={61--74},
    year={1999},
    publisher={Cambridge, MA}
}

@inproceedings{ht10,
    title={Automatic construction of travel itineraries using social breadcrumbs},
    author={De Choudhury, Munmun and Feldman, Moran and Amer-Yahia, Sihem and Golbandi, Nadav and Lempel, Ronny and Yu, Cong},
    series={HT '10},
    pages={35--44},
    year={2010},
    organization={ACM}
}

@article{ssvm09,
    title={Cutting-plane training of structural {SVM}s},
    author={Joachims, Thorsten and Finley, Thomas and Yu, Chun-Nam John},
    journal={Machine Learning},
    volume={77},
    number={1},
    pages={27--59},
    year={2009},
    publisher={Springer}
}

@inproceedings{lian2014geomf,
  title={{GeoMF}: Joint geographical modeling and matrix factorization for point-of-interest recommendation},
  author={Lian, Defu and Zhao, Cong and Xie, Xing and Sun, Guangzhong and Chen, Enhong and Rui, Yong},
  series={KDD '14},
  pages={831--840},
  year={2014},
  organization={ACM}
}

@article{bao2015recommendations,
  title={Recommendations in location-based social networks: a survey},
  author={Bao, Jie and Zheng, Yu and Wilkie, David and Mokbel, Mohamed},
  journal={GeoInformatica},
  volume={19},
  number={3},
  pages={525--565},
  year={2015},
  publisher={Springer}
}

@inproceedings{Zhang2015OOP,
 author = {Zhang, Jia-Dong and Chow, Chi-Yin and Zheng, Yu},
 title = {{ORec}: An Opinion-Based Point-of-Interest Recommendation Framework},
 series = {CIKM '15},
 year = {2015},
 isbn = {978-1-4503-3794-6},
 location = {Melbourne, Australia},
 pages = {1641--1650},
 numpages = {10},
 url = {http://doi.acm.org/10.1145/2806416.2806516},
 doi = {10.1145/2806416.2806516},
 acmid = {2806516},
 publisher = {ACM},
 keywords = {fusion, location-based social networks, opinion mining, point-of-interest recommendations, polarity detection},
} 

@article{zheng2014urban,
  title={Urban computing: concepts, methodologies, and applications},
  author={Zheng, Yu and Capra, Licia and Wolfson, Ouri and Yang, Hai},
  journal={ACM Transactions on Intelligent Systems and Technology},
  volume={5},
  number={3},
  pages={38},
  year={2014},
  publisher={ACM}
}

@article{zheng2015trajectory,
  title={Trajectory data mining: an overview},
  author={Zheng, Yu},
  journal={ACM Transactions on Intelligent Systems and Technology},
  volume={6},
  number={3},
  pages={29},
  year={2015},
  publisher={ACM}
}

@inproceedings{zheng2009mining,
  title={Mining interesting locations and travel sequences from {GPS} trajectories},
  author={Zheng, Yu and Zhang, Lizhu and Xie, Xing and Ma, Wei-Ying},
  series={WWW '09},
  pages={791--800},
  year={2009},
  organization={ACM}
}

@inproceedings{deveaud2014importance,
  title={On the importance of venue-dependent features for learning to rank contextual suggestions},
  author={Deveaud, Romain and Albakour, M and Macdonald, Craig and Ounis, Iadh and others},
  series={CIKM '14},
  pages={1827--1830},
  year={2014},
  organization={ACM}
}
@inproceedings{yuan2014graph,
  title={Graph-based point-of-interest recommendation with geographical and temporal influences},
  author={Yuan, Quan and Cong, Gao and Sun, Aixin},
  series={CIKM '14},
  pages={659--668},
  year={2014},
  organization={ACM}
}
@inproceedings{liu2014exploiting,
  title={Exploiting geographical neighborhood characteristics for location recommendation},
  author={Liu, Yong and Wei, Wei and Sun, Aixin and Miao, Chunyan},
  series={CIKM '14},
  pages={739--748},
  year={2014},
  organization={ACM}
}
@inproceedings{hsieh2014mining,
  title={Mining and Planning Time-aware Routes from Check-in Data},
  author={Hsieh, Hsun-Ping and Li, Cheng-Te},
  series={CIKM '14},
  pages={481--490},
  year={2014},
  organization={ACM}
}
@inproceedings{ference2013location,
  title={Location recommendation for out-of-town users in location-based social networks},
  author={Ference, Gregory and Ye, Mao and Lee, Wang-Chien},
  series={CIKM '13},
  pages={721--726},
  year={2013},
  organization={ACM}
}
@inproceedings{liu2013personalized,
  title={Personalized point-of-interest recommendation by mining users' preference transition},
  author={Liu, Xin and Liu, Yong and Aberer, Karl and Miao, Chunyan},
  series={CIKM '13},
  pages={733--738},
  year={2013},
  organization={ACM}
}
@inproceedings{brilhante2013shall,
  title={Where shall we go today?: planning touristic tours with tripbuilder},
  author={Brilhante, Igo and Macedo, Jose Antonio and Nardini, Franco Maria and Perego, Raffaele and Renso, Chiara},
  series={CIKM '13},
  pages={757--762},
  year={2013},
  organization={ACM}
}
@inproceedings{baraglia2013learnext,
  title={{LearNext}: learning to predict tourists movements},
  author={Baraglia, Ranieri and Muntean, Cristina Ioana and Nardini, Franco Maria and Silvestri, Fabrizio},
  series={CIKM '13},
  pages={751--756},
  year={2013},
  organization={ACM}
}

@inproceedings{deveaud2015experiments,
  title={Experiments with a Venue-Centric Model for Personalised and Time-Aware Venue Suggestion},
  author={Deveaud, Romain and Albakour, M and Macdonald, Craig and Ounis, Iadh and others},
  series={CIKM '15},
  pages={53--62},
  year={2015},
  organization={ACM}
}
@inproceedings{zhang2015personalized,
  title={Personalized Trip Recommendation with {POI} Availability and Uncertain Traveling Time},
  author={Zhang, Chenyi and Liang, Hongwei and Wang, Ke and Sun, Jianling},
  series={CIKM '15},
  pages={911--920},
  year={2015},
  organization={ACM}
}

@inproceedings{hashem2015efficient,
  title={Efficient Computation of Trips with Friends and Families},
  author={Hashem, Tanzima and Barua, Sukarna and Ali, Mohammed Eunus and Kulik, Lars and Tanin, Egemen},
  series={CIKM '15},
  pages={931--940},
  year={2015},
  organization={ACM}
}

@inproceedings{zhang2015location,
  title={Location and Time Aware Social Collaborative Retrieval for New Successive Point-of-Interest Recommendation},
  author={Zhang, Wei and Wang, Jianyong},
  series={CIKM '15},
  pages={1221--1230},
  year={2015},
  organization={ACM}
}

@inproceedings{li2015instagram,
  title={Where you Instagram?: Associating Your Instagram Photos with Points of Interest},
  author={Li, Xutao and Pham, Tuan-Anh Nguyen and Cong, Gao and Yuan, Quan and Li, Xiao-Li and Krishnaswamy, Shonali},
  series={CIKM '15},
  pages={1231--1240},
  year={2015},
  organization={ACM}
}
@inproceedings{yin2015joint,
  title={Joint modeling of user check-in behaviors for point-of-interest recommendation},
  author={Yin, Hongzhi and Zhou, Xiaofang and Shao, Yingxia and Wang, Hao and Sadiq, Shazia},
  series={CIKM '15},
  pages={1631--1640},
  year={2015},
  organization={ACM}
}

@inproceedings{lu2010photo2trip,
 author = {Lu, Xin and Wang, Changhu and Yang, Jiang-Ming and Pang, Yanwei and Zhang, Lei},
 title = {{Photo2Trip}: Generating Travel Routes from Geo-tagged Photos for Trip Planning},
 series = {MM '10},
 year = {2010},
 isbn = {978-1-60558-933-6},
 location = {Firenze, Italy},
 pages = {143--152},
 numpages = {10},
 url = {http://doi.acm.org/10.1145/1873951.1873972},
 doi = {10.1145/1873951.1873972},
 acmid = {1873972},
 publisher = {ACM},
 keywords = {Photo2Trip, geo-tagged photos, travel route mining, trip planning},
} 

@article{zheng2012patterns,
 author = {Zheng, Yan-Tao and Zha, Zheng-Jun and Chua, Tat-Seng},
 title = {Mining Travel Patterns from Geotagged Photos},
 journal = {ACM Transactions on Intelligent Systems and Technology},
 issue_date = {May 2012},
 volume = {3},
 number = {3},
 month = may,
 year = {2012},
 issn = {2157-6904},
 pages = {56:1--56:18},
 articleno = {56},
 numpages = {18},
 url = {http://doi.acm.org/10.1145/2168752.2168770},
 doi = {10.1145/2168752.2168770},
 acmid = {2168770},
 publisher = {ACM},
 keywords = {Travel pattern mining, geotagged photos},
} 

@inproceedings{yuan2013timeaware,
 author = {Yuan, Quan and Cong, Gao and Ma, Zongyang and Sun, Aixin and Thalmann, Nadia Magnenat-},
 title = {Time-aware Point-of-interest Recommendation},
 series = {SIGIR '13},
 year = {2013},
 isbn = {978-1-4503-2034-4},
 location = {Dublin, Ireland},
 pages = {363--372},
 numpages = {10},
 url = {http://doi.acm.org/10.1145/2484028.2484030},
 doi = {10.1145/2484028.2484030},
 acmid = {2484030},
 publisher = {ACM},
 keywords = {location-based social networks, point-of-interest, recommendation, spatio-temporal},
} 


@inproceedings{gao2013temporal,
 author = {Gao, Huiji and Tang, Jiliang and Hu, Xia and Liu, Huan},
 title = {Exploring Temporal Effects for Location Recommendation on Location-based Social Networks},
 series = {RecSys '13},
 year = {2013},
 isbn = {978-1-4503-2409-0},
 location = {Hong Kong, China},
 pages = {93--100},
 numpages = {8},
 url = {http://doi.acm.org/10.1145/2507157.2507182},
 doi = {10.1145/2507157.2507182},
 acmid = {2507182},
 publisher = {ACM},
 keywords = {location recommendation, location-based social networks, temporal effects},
} 

@inproceedings{hu2013spatialtopic,
 author = {Hu, Bo and Ester, Martin},
 title = {Spatial Topic Modeling in Online Social Media for Location Recommendation},
 series = {RecSys '13},
 year = {2013},
 isbn = {978-1-4503-2409-0},
 location = {Hong Kong, China},
 pages = {25--32},
 numpages = {8},
 url = {http://doi.acm.org/10.1145/2507157.2507174},
 doi = {10.1145/2507157.2507174},
 acmid = {2507174},
 publisher = {ACM},
 keywords = {location recommendation, mobile users, spatial topic model},
}


@inproceedings{zhang2014lore,
  title={{LORE}: Exploiting sequential influence for location recommendations},
  author={Zhang, Jia-Dong and Chow, Chi-Yin and Li, Yanhua},
  series={SIGSPATIAL '14},
  pages={103--112},
  year={2014},
  organization={ACM}
}
 

@inproceedings{shi2011personalized,
  title={Personalized Landmark Recommendation Based on Geotags from Photo Sharing Sites},
  author={Shi, Yue and Serdyukov, Pavel and Hanjalic, Alan and Larson, Martha},
  series={ICWSM '11},
  year={2011}
}

@inproceedings{lu2012personalized,
  title={Personalized trip recommendation with multiple constraints by mining user check-in behaviors},
  author={Lu, Eric Hsueh-Chan and Chen, Ching-Yu and Tseng, Vincent S},
  series = {SIGSPATIAL '12},
  pages={209--218},
  year={2012},
  organization={ACM}
}

@inproceedings{gioniswsdm14,
    title={Customized tour recommendations in urban areas},
    author={Gionis, Aristides and Lappas, Theodoros and Pelechrinis, Konstantinos and Terzi, Evimaria},
    series={WSDM '14},
    pages={313--322},
    year={2014},
    organization={ACM}
}

@inproceedings{ht14,
    title={The shortest path to happiness: Recommending beautiful, quiet, and happy routes in the city},
    author={Quercia, Daniele and Schifanella, Rossano and Aiello, Luca Maria},
    series={Hypertext '14},
    pages={116--125},
    year={2014},
    organization={ACM}
}

@article{kurashima2013geophoto,
    title={Travel route recommendation using geotagged photos},
    author={Kurashima, Takeshi and Iwata, Tomoharu and Irie, Go and Fujimura, Ko},
    journal={Knowledge and Information Systems},
    volume={37},
    number={1},
    pages={37--60},
    year={2013},
    publisher={Springer}
}

@inproceedings{kurashima2010geotag,
 author = {Kurashima, Takeshi and Iwata, Tomoharu and Irie, Go and Fujimura, Ko},
 title = {Travel Route Recommendation Using Geotags in Photo Sharing Sites},
 series = {CIKM '10},
 year = {2010},
 isbn = {978-1-4503-0099-5},
 location = {Toronto, ON, Canada},
 pages = {579--588},
 numpages = {10},
 url = {http://doi.acm.org/10.1145/1871437.1871513},
 doi = {10.1145/1871437.1871513},
 acmid = {1871513},
 publisher = {ACM},
 keywords = {geo-referenced photographs, geolocation, photographer behavior model, travel route recommendation},
} 


@article{chen2013people,
    title={Travel recommendation by mining people attributes and travel group types from community-contributed photos},
    author={Chen, Yan-Ying and Cheng, An-Jung and Hsu, Winston H},
    journal={IEEE Transactions on Multimedia},
    volume={15},
    number={6},
    pages={1283--1295},
    year={2013},
    publisher={IEEE}
}

@book{opt98,
  title={Combinatorial optimization: algorithms and complexity},
  author={Papadimitriou, Christos H and Steiglitz, Kenneth},
  pages={308--309},
  year={1998},
  publisher={Dover Publications}
}

@book{bishop2006,
  title={Pattern Recognition and Machine Learning},
  author={Bishop, CM},
  pages={198},
  year={2006},
  publisher={Springer}
}
