@inproceedings{dembczynski:2010,
  title={Bayes optimal multilabel classification via probabilistic classifier chains},
  author={Dembczy{\'n}ski, Krzysztof and Cheng, Weiwei and H{\"u}llermeier, Eyke},
  booktitle={Proceedings of the 27th International Conference on Machine Learning},
  pages={279--286},
  year={2010}
}

@inproceedings{li:2014,
  title={Top rank optimization in linear time},
  author={Li, Nan and Jin, Rong and Zhou, Zhi-Hua},
  booktitle={Advances in neural information processing systems},
  pages={1502--1510},
  year={2014}
}

@inproceedings{cortes:2004,
  title={{AUC} optimization vs. error rate minimization},
  author={Cortes, Corinna and Mohri, Mehryar},
  booktitle={Advances in neural information processing systems},
  pages={313--320},
  year={2004}
}

@inproceedings{agarwal:2011,
  title={The infinite push: A new support vector ranking algorithm that directly optimizes accuracy at the absolute top of the list},
  author={Agarwal, Shivani},
  booktitle={Proceedings of the 2011 SIAM International Conference on Data Mining},
  pages={839--850},
  year={2011},
  organization={SIAM}
}

@inproceedings{shalev:2007,
  title={Pegasos: Primal Estimated sub-GrAdient SOlver for SVM},
  author={Shalev-shwartz, Shai and Singer, Yoram and Srebro, Nathan},
  booktitle={Proceedings of the 24th International Conference on Machine Learning},
  pages={807--814},
  year={2007}
}
