




@InProceedings{garivier11kluabs,
  author = 	 {Aur\'elien Garivier and Olivier Capp\'e},
  title = 	 {The {KL-UCB} Algorithm for Bounded Stochastic Bandits and Beyond},
  booktitle = {COLT},
  year = 	 2011}

@InProceedings{maillard11finama,
  author = 	 {Odalric-Ambrym Maillard and R\'emi Munos and Gilles Stoltz},
  title = 	 {A Finite-Time Analysis of Multi-armed Bandits Problems with Kullback-Leibler Divergences},
  booktitle = {COLT},
  year = 	 2011}

@Article{cappe13kulucb,
  author = 	 {Olivier Capp\'e and Aur\'elien Garivier and Odalric-Ambrym Maillard and R\'emi Munos and Gilles Stoltz},
  title = 	 {Kullback-Leibler Upper Confidence Bounds for Optimal Sequential Allocation},
  journal = 	 {Annals of Statistics},
  year = 	 2013,
  volume = 	 41,
  number = 	 3,
  pages = 	 {1516--1541}}

@InProceedings{kaufmann12bayucb,
  author = 	 {Emilie Kaufmann and Olivier Capp\'e and Aur\'elien Garivier},
  title = 	 {On Bayesian upper confidence bounds for bandit problems},
  booktitle = {AISTATS},
  year = 	 2012}

@InProceedings{kaufmann12thosao,
  author = 	 {Emilie Kaufmann and Nathaniel Korda and R\'emi Munos},
  title = 	 {Thompson Sampling: An Asymptotically Optimal Finite Time Analysis},
  booktitle = {ALT},
  year = 	 2012}

@InProceedings{korda13thosde,
  author = 	 {Nathaniel Korda and Emilie Kaufmann and R\'emi Munos},
  title = 	 {Thompson Sampling for 1-Dimensional Exponential Family Bandits},
  booktitle = {NIPS},
  year = 	 2013}

