@inproceedings{Gantner:2010,
  Author = {Gantner, Zeno and Drumond, Lucas and Freudenthaler, Christoph and Rendle, Steffen and Schmidt-Thieme, Lars},
  Title = {Learning Attribute-to-Feature Mappings for Cold-Start Recommendations},
  Booktitle = {ICDM},
  Year = {2010},
}

@inproceedings{Cao:2010,
  Author = {Bin Cao and Nathan N. Liu and Qiang Yang},
  Title = {Transfer Learning for Collective Link Prediction in Multiple Heterogenous Domains},
  Booktitle = {ICML},
  Year = {2010},
}

@inproceedings{Agarwal:2009,
  Author = {Agarwal, Deepak and Chen, Bee-Chung},
  Title = {Regression-based Latent Factor Models},
  Booktitle = {KDD},
  Year = {2009},
}

@inproceedings{Ma:2008,
  Author = {Ma, Hao and Yang, Haixuan and Lyu, Michael R. and King, Irwin},
  Title = {{SoRec}: Social Recommendation Using Probabilistic Matrix Factorization},
  Booktitle = {CIKM},
  Year = {2008},
}

@article{ertekin2011equivalence,
  author={Ertekin, {\c{S}}eyda and Rudin, Cynthia},
  title={On equivalence relationships between classification and ranking algorithms},
  journal={Journal of Machine Learning Research},
  volume={12},
  pages={2905--2929},
  year={2011},
}

@article{rudin2009p,
  title={{The P-Norm Push}: A simple convex ranking algorithm that concentrates at the top of the list},
  author={Rudin, Cynthia},
  journal={Journal of Machine Learning Research},
  volume={10},
  pages={2233--2271},
  year={2009},
}

@inproceedings{li2014top,
  author={Li, Nan and Jin, Rong and Zhou, Zhi-Hua},
  title={Top rank optimization in linear time},
  booktitle={NIPS},
  year={2014},
}

@inproceedings{agarwal2011infinite,
  author={Agarwal, Shivani},
  title={The infinite push: A new support vector ranking algorithm that directly optimizes accuracy at the absolute top of the list},
  booktitle={ICDM},
  year={2011},
}

@article{menon2016bipartite,
  title={Bipartite ranking: a risk-theoretic perspective},
  author={Menon, Aditya Krishna and Williamson, Robert C},
  journal={Journal of Machine Learning Research},
  volume={17},
  pages={1--102},
  year={2016},
}

@inproceedings{rakotomamonjy2012sparse,
  author={Rakotomamonjy, Alain},
  title={Sparse support vector infinite push},
  booktitle={ICML},
  year={2012},
}

@inproceedings{lin2014multi,
  author={Lin, Xi Victoria and Singh, Sameer and He, Luheng and Taskar, Ben and Zettlemoyer, Luke},
  title={Multi-Label Learning with Posterior Regularization},
  booktitle={NIPS workshop on Modern Machine Learning and Natural Language Processing},
  year={2014},
}

@inproceedings{belanger2016structured,
  author={Belanger, David and McCallum, Andrew},
  title={Structured prediction energy networks},
  booktitle={ICML},
  year={2016},
}

@inproceedings{gygli2017deep,
  author={Gygli, Michael and Norouzi, Mohammad and Angelova, Anelia},
  title={Deep Value Networks Learn to Evaluate and Iteratively Refine Structured Outputs},
  booktitle={ICML},
  year={2017},
}

@article{katakis2008multilabel,
  title={Multilabel text classification for automated tag suggestion},
  author={Katakis, Ioannis and Tsoumakas, Grigorios and Vlahavas, Ioannis},
  journal={ECML PKDD discovery challenge},
  volume={75},
  year={2008},
}

@inproceedings{mcfee2012hypergraph,
  author={McFee, Brian and Lanckriet, Gert RG},
  title={Hypergraph Models of Playlist Dialects},
  booktitle={ISMIR},
  year={2012},
}

@inproceedings{30music2015,
  author={Turrin, Roberto and Quadrana, Massimo and Condorelli, Andrea and Pagano, Roberto and Cremonesi, Paolo},
  title={30Music Listening and Playlists Dataset},
  booktitle={RecSys Posters},
  year={2015},
}

@inproceedings{msd2011,
  author = {Thierry Bertin-Mahieux and Daniel P.W. Ellis and Brian Whitman and Paul Lamere},
  title = {The Million Song Dataset},
  booktitle={ISMIR},
  year = {2011},
}

@inproceedings{mcfee2012million,
  author={McFee, Brian and Bertin-Mahieux, Thierry and Ellis, Daniel PW and Lanckriet, Gert RG},
  title={{The Million Song Dataset Challenge}},
  booktitle={WWW},
  year={2012},
}

@inproceedings{schindler2012facilitating,
  author={Schindler, Alexander and Mayer, Rudolf and Rauber, Andreas},
  title={Facilitating Comprehensive Benchmarking Experiments on the Million Song Dataset},
  booktitle={ISMIR},
  year={2012},
}

@inproceedings{schreiber2015improving,
  author={Schreiber, Hendrik},
  title={Improving Genre Annotations for the Million Song Dataset},
  booktitle={ISMIR},
  year={2015},
}

@article{tsoumakas2006multi,
  author={Tsoumakas, Grigorios and Katakis, Ioannis},
  title={Multi-label classification: An overview},
  journal={International Journal of Data Warehousing and Mining},
  volume={3},
  year={2006},
}

@misc{scipy,
  author = {Eric Jones and Travis Oliphant and Pearu Peterson and others},
  title = {{SciPy}: Open source scientific tools for {Python}},
  year = {2001--},
  url = "http://www.scipy.org/",
  note = {[Online; accessed March 2018]}
}

@article{lbfgsb,
 author = {Zhu, Ciyou and Byrd, Richard H. and Lu, Peihuang and Nocedal, Jorge},
 title = {Algorithm 778: L-BFGS-B: Fortran Subroutines for Large-scale Bound-constrained Optimization},
 journal = {ACM Trans. Math. Softw.},
 year = {1997},
}

@article{scikit-learn,
 title={Scikit-learn: Machine Learning in {P}ython},
 author={Pedregosa, F. and Varoquaux, G. and Gramfort, A. and Michel, V.
         and Thirion, B. and Grisel, O. and Blondel, M. and Prettenhofer, P.
         and Weiss, R. and Dubourg, V. and Vanderplas, J. and Passos, A. and
         Cournapeau, D. and Brucher, M. and Perrot, M. and Duchesnay, E.},
 journal={Journal of Machine Learning Research},
 volume={12},
 pages={2825--2830},
 year={2011},
}

@book{manning2008introIR,
  author={Manning, Christopher D and Raghavan, Prabhakar and Sch{\"u}tze, Hinrich},
  title={Introduction to Information Retrieval},
  year={2008},
  publisher={Cambridge University Press}
}

@inproceedings{hariri2012context,
  author={Hariri, Negar and Mobasher, Bamshad and Burke, Robin},
  title={Context-aware music recommendation based on latenttopic sequential patterns},
  booktitle={RecSys},
  year={2012},
}

@inproceedings{jannach2015beyond,
  author={Jannach, Dietmar and Lerche, Lukas and Kamehkhosh, Iman},
  title={Beyond hitting the hits: Generating coherent music playlist continuations with the right tracks},
  booktitle={RecSys},
  year={2015},
}

@article{schedl2017,
  author = {{Schedl}, M. and {Zamani}, H. and {Chen}, C.-W. and {Deldjoo}, Y. and {Elahi}, M.},
  title = {Current Challenges and Visions in Music Recommender Systems Research},
  journal = {ArXiv e-prints},
  year = 2017,
  url = {https://arxiv.org/abs/1710.03208}
}

@misc{recsysch2018,
  Title = {{ACM RecSys Challenge}},
  Author = {RecSys},
  Howpublished = {http://www.recsyschallenge.com/2018/},
  Year = {2018},
}

@inproceedings{platt2002learning,
  author={Platt, John C and Burges, Christopher JC and Swenson, Steven and Weare, Christopher and Zheng, Alice},
  title={Learning a gaussian process prior for automatically generating music playlists},
  booktitle={NIPS},
  year={2002},
}

@inproceedings{chen2012playlist,
  author={Chen, Shuo and Moore, Josh L and Turnbull, Douglas and Joachims, Thorsten},
  title={Playlist prediction via metric embedding},
  booktitle={KDD},
  year={2012},
}

@inproceedings{mcfee2011natural,
  author={McFee, Brian and Lanckriet, Gert RG},
  title={The Natural Language of Playlists},
  booktitle={ISMIR},
  year={2011},
}

@inproceedings{bonnin2013evaluating,
  author={Bonnin, Geoffray and Jannach, Dietmar},
  title={Evaluating the quality of playlists based on hand-crafted samples},
  booktitle={ISMIR},
  year={2013},
}

@book{aoscar2010music,
  author={{\'a}Oscar Celma},
  title={Music Recommendation and Discovery: The Long Tail, Long Fail, and Long Play in the Digital Music Space},
  year={2010},
  publisher={Springer}
}

@inproceedings{cremonesi2010performance,
  author={Cremonesi, Paolo and Koren, Yehuda and Turrin, Roberto},
  title={Performance of recommender algorithms on top-n recommendation tasks},
  booktitle={RecSys},
  year={2010},
}

@article{bonnin2015automated,
  title={Automated generation of music playlists: Survey and experiments},
  author={Bonnin, Geoffray and Jannach, Dietmar},
  journal={ACM Computing Surveys},
  volume={47},
  year={2015},
}

@inproceedings{ben2017groove,
  author={Ben-Elazar, Shay and Lavee, Gal and Koenigstein, Noam and Barkan, Oren and Berezin, Hilik and Paquet, Ulrich and Zaccai, Tal},
  title={Groove Radio: A Bayesian Hierarchical Model for Personalized Playlist Generation},
  booktitle={WSDM},
  year={2017},
}

@article{joachims2009cutting,
  author={Joachims, Thorsten and Finley, Thomas and Yu, Chun-Nam John},
  title={Cutting-plane training of structural SVMs},
  journal={Machine Learning},
  volume={77},
  pages={27--59},
  year={2009},
}

@book{boyd2004convex,
  author={Boyd, Stephen and Vandenberghe, Lieven},
  title={Convex optimization},
  year={2004},
  publisher={Cambridge university press}
}

@book{avriel2003nonlinear,
  author={Avriel, Mordecai},
  title={Nonlinear programming: analysis and methods},
  year={2003},
  publisher={Courier Corporation}
}

@inproceedings{andrew2007scalable,
  author={Andrew, Galen and Gao, Jianfeng},
  title={Scalable training of L 1-regularized log-linear models},
  booktitle={ICML},
  year={2007},
}

@article{Koren:2009,
	Author = {Koren, Yehuda and Bell, Robert and Volinsky, Chris},
	Title = {Matrix Factorization Techniques for Recommender Systems},
	Journal = {Computer},
	Pages = {30--37},
	Volume = {42},
	Year = {2009}}

@misc{Netflix,
	Author = {Netflix},
	Howpublished = {http://www.netflixprize.com/},
	Title = {{Netflix Prize}},
	Year = {2006}}

@misc{lastfmdataset,
    Author = {Last.fm dataset},
    Title = {The official song tags and song similarity collection for the Million Song Dataset},
    Howpublished = {http://labrosa.ee.columbia.edu/millionsong/lastfm},
    Year = {2011}
}

@inproceedings{Sarwar:2001,
 author = {Sarwar, Badrul and Karypis, George and Konstan, Joseph and Riedl, John},
 title = {Item-based Collaborative Filtering Recommendation Algorithms},
 booktitle = {WWW},
 year = {2001},
}

@article{kamehkhosh2018automated,
  title={How Automated Recommendations Affect the Playlist Creation Behavior of Users},
  author={Kamehkhosh, Iman and Jannach, Dietmar and Bonnin, Geoffray},
  year={2018}
}

@inproceedings{tintarev2017sequences,
  title={Sequences of Diverse Song Recommendations: An exploratory study in a commercial system},
  author={Tintarev, Nava and Lofi, Christoph and Liem, Cynthia},
  booktitle={Proceedings of the 25th Conference on User Modeling, Adaptation and Personalization},
  year={2017},
}

@inproceedings{vall2017importance,
  title={The Importance of Song Context in Music Playlists},
  author={Vall, Andreu and Schedl, Markus and Widmer, Gerhard and Quadrana, Massimo and Cremonesi, Paolo},
  booktitle={Proceedings of the Poster Track of the 11th ACM Conference on Recommender Systems},
  year={2017}
}

@inproceedings{rendle2009bpr,
  title={BPR: Bayesian personalized ranking from implicit feedback},
  author={Rendle, Steffen and Freudenthaler, Christoph and Gantner, Zeno and Schmidt-Thieme, Lars},
  booktitle={UAI},
  year={2009},
}

@article{john2006pandora,
  title={Pandora and the music genome project},
  author={John, Joyce},
  journal={Scientific Computing},
  volume={23},
  pages={40--41},
  year={2006}
}

@article{seyerlehner2010automatic,
  title={Automatic music tag classification based on block-level},
  author={Seyerlehner, Klaus and Widmer, Gerhard and Schedl, Markus and Knees, Peter},
  journal={Proceedings of Sound and Music Computing},
  year={2010}
}

@inproceedings{eghbal2015vectors,
  title={I-Vectors for Timbre-Based Music Similarity and Music Artist Classification},
  author={Eghbal-Zadeh, Hamid and Lehner, Bernhard and Schedl, Markus and Widmer, Gerhard},
  booktitle={ISMIR},
  year={2015}
}

@book{aggarwal2016recommender,
  title={Recommender Systems: The Textbook},
  author={Aggarwal, Charu C},
  year={2016},
  publisher={Springer}
}

@article{burke2002hybrid,
  title={Hybrid recommender systems: Survey and experiments},
  author={Burke, Robin},
  journal={User modeling and user-adapted interaction},
  volume={12},
  pages={331--370},
  year={2002},
  publisher={Springer}
}

@inproceedings{donaldson2007hybrid,
  title={A hybrid social-acoustic recommendation system for popular music},
  author={Donaldson, Justin},
  booktitle={RecSys},
  year={2007},
}

@inproceedings{yoshii2006hybrid,
  title={Hybrid Collaborative and Content-based Music Recommendation Using Probabilistic Model with Latent User Preferences},
  author={Yoshii, Kazuyoshi and Goto, Masataka and Komatani, Kazunori and Ogata, Tetsuya and Okuno, Hiroshi G},
  booktitle={ISMIR},
  year={2006}
}

@article{shao2009music,
  title={Music recommendation based on acoustic features and user access patterns},
  author={Shao, Bo and Wang, Dingding and Li, Tao and Ogihara, Mitsunori},
  journal={IEEE Transactions on Audio, Speech, and Language Processing},
  volume={17},
  pages={1602--1611},
  year={2009},
}

@inproceedings{hu2010study,
  title={A study on user perception of personality-based recommender systems},
  author={Hu, Rong and Pu, Pearl},
  booktitle={International Conference on User Modeling, Adaptation, and Personalization},
  year={2010},
}

@inproceedings{aizenberg2012build,
  title={Build your own music recommender by modeling internet radio streams},
  author={Aizenberg, Natalie and Koren, Yehuda and Somekh, Oren},
  booktitle={WWW},
  year={2012},
}

@article{wang2014exploration,
  title={Exploration in interactive personalized music recommendation: a reinforcement learning approach},
  author={Wang, Xinxi and Wang, Yi and Hsu, David and Wang, Ye},
  journal={ACM Transactions on Multimedia Computing, Communications, and Applications},
  volume={11},
  year={2014},
}

@inproceedings{liebman2015dj,
  title={{DJ-MC}: A reinforcement-learning agent for music playlist recommendation},
  author={Liebman, Elad and Saar-Tsechansky, Maytal and Stone, Peter},
  booktitle={Proceedings of the 2015 International Conference on Autonomous Agents and Multiagent Systems},
  year={2015},
}

@inproceedings{van2013deep,
  title={Deep content-based music recommendation},
  author={Van den Oord, Aaron and Dieleman, Sander and Schrauwen, Benjamin},
  booktitle={NIPS},
  year={2013}
}

@inproceedings{gantner2010learning,
  title={Learning attribute-to-feature mappings for cold-start recommendations},
  author={Gantner, Zeno and Drumond, Lucas and Freudenthaler, Christoph and Rendle, Steffen and Schmidt-Thieme, Lars},
  booktitle={ICDM},
  year={2010},
}

@inproceedings{hu2008collaborative,
  title={Collaborative filtering for implicit feedback datasets},
  author={Hu, Yifan and Koren, Yehuda and Volinsky, Chris},
  booktitle={ICDM},
  year={2008},
}

@inproceedings{kluver2014evaluating,
  title={Evaluating recommender behavior for new users},
  author={Kluver, Daniel and Konstan, Joseph A},
  booktitle={RecSys},
  year={2014},
}

@inproceedings{zhang2012auralist,
  title={Auralist: introducing serendipity into music recommendation},
  author={Zhang, Yuan Cao and S{\'e}aghdha, Diarmuid {\'O} and Quercia, Daniele and Jambor, Tamas},
  booktitle={WSDM},
  year={2012},
}

@article{herlocker2004evaluating,
  title={Evaluating collaborative filtering recommender systems},
  author={Herlocker, Jonathan L and Konstan, Joseph A and Terveen, Loren G and Riedl, John T},
  journal={ACM Transactions on Information Systems},
  volume={22},
  pages={5--53},
  year={2004},
}
